@book{ dostal,
       author = {{Dostal, W.; Jecke, M.; Melzer, I.; Zengler, B.}},
       title = {{\glqq Service-orientierte Architekturen mit Web Services\dq}},
       Year = "2005",
       Publisher = {Spektrum Akademischer Verlag},
       Volume = {1. Auflage},
}
@article{ Ma-pohle,
       author = {{Pohle, C.}},
       title = {{\glqq Fernzugriff auf Schalter und Sensoren mittels UPnP\dq}},
       year = "2009",
       note = {{Masterarbeit, HfT Leipzig}}
}
@article{ heise-ungew-router,
       author = {{Heise online}},
       title = {{\glqq Ungewollte Fernkonfiguration für Heim-Router\dq}},
       note = {{\url{ http://www.heise.de/newsticker/meldung/Ungewollte-Fernkonfiguration-fuer-Heim-Router-Update-178571.html} (15.01.2008)}}
}

@article{ heise-nw-steuern,
       author = {{Heise online}},
       title = {{\glqq Netzwerke mit UPnP einrichten und steuern\dq}},
       note = {{\url{ http://www.heise.de/netze/artikel/Netzwerke-mit-UPnP-einrichten-und-steuern-221520.html} (30.01.2009)}}
}

@article{ netzwelt-dlna,
       author = {{netzwelt.de}},
       title = {{\glqq DLNA: Standard für die Vernetzung des digitalen Zuhauses\dq}},
       note = {{\url{ http://www.netzwelt.de/news/78223-dlna-standard-vernetzung-digitalen-zuhauses.html} (28.02.2012)}}
}

@article{ itweb-auvov,
       author = {{www.it-web.info - Projekte rund um Hard- und Software}},
       title = {{\glqq UPNP-AV - Das multimediale Heimnetzwerk\dq}},
       note = {{\url{ http://www.it-web.info/de/doku.php?id=upnp-av:uebersicht} (03.03.2012)}}
}

@article{ upnp-hacks,
       author = {{UPnP hacks}},
       title = {{\glqq UPnP workings\dq}},
       note = {{\url{ http://www.upnp-hacks.org/upnp.html} (26.01.2012)}}
}

@article{ itw-upnp,
       author = {{IT-Wissen - das große Online-Lexikon für IT}},
       title = {{\glqq Universal Plug and Play\dq}},
       note = {{\url{ http://www.itwissen.info/definition/lexikon/universal-plug-and-play-UPnP.html} (14.02.2012)}}
}
