@article{ epl-httpapi,
       author = {{Etherpad Foundation}},
       title = {{\glqq Etherpad v1.3.0 Manual \& Documentation\dq}},
       note = {{\url{http://etherpad.org/doc/v1.3.0/#index_http_api} (23.01.2014)}}
}
@article{ hollinger,
       author = {{Hollinger J}},
       title = {{java-etherpad-lite}},
       note = {{\url{https://github.com/jhollinger/java-etherpad-lite} (23.01.2014)}}
}
@article{ SunWorld,
       author = {{SunWorld}},
       title = {{\glqq More than just another pretty name\dq}},
       note = {{\url{http://sunsite.uakom.sk/sunworldonline/swol-08-1998/swol-08-jini.html} (09.04.2012)}}
}
@article{ what-is-upnp,
       author = {{UPnP Forum}},
       title = {{\glqq What is UPnP\dq}},
       note = {{\url{http://upnp.org/about/what-is-upnp/} (17.04.2012)}}
}
@article{ upnp-membership,
       author = {{UPnP Forum}},
       title = {{\glqq Membership\dq}},
       note = {{\url{http://upnp.org/membership/list/} (08.04.2012)}}
}
@article{ upnp-public-overview-pdf,
       author = {{UPnP Forum}},
       title = {{\glqq UPnP Forum Public Overview\dq}},
       pages = {8},
       note = {{\url{http://upnp.org/resources/documents/UPnP_Forum_PublicOverview_2011_12.pdf} (17.04.2012)}}
}
@article{ heise-sun-upnp,
       author = {{heise online}},
       title = {{\glqq Sun schlie√üt sich Microsoft UPnP-Forum an\dq}},
       note = {{\url{http://www.heise.de/newsticker/meldung/Sun-schliesst-sich-Microsofts-UPnP-Forum-an-32761.html} (13.04.2012)}}
}
@article{ upnp-telephony,
       author = {{UPnP Forum}},
       title = {{\glqq Telephony:1\dq}},
       note = {{\url{http://upnp.org/specs/phone/phone1/} (14.04.2012)}}
}
@article{ igdv2-pdf,
       author = {{UPnP Forum}},
       title = {{\glqq Internet Gateway Device v2\dq}},
       pages = {4-5},
       note = {{\url{http://upnp.org/specs/gw/UPnP-gw-InternetGatewayDevice-v2-Device.pdf} (06.04.2012)}}
}
@article{ printerv1-pdf,
       author = {{UPnP Forum}},
       title = {{\glqq Printer v1 Device\dq}},
       pages = {3},
       note = {{\url{http://upnp.org/specs/pntr/UPnP-pntr-Printer-v1-Device.pdf} (17.04.2012)}}
}
@article{ upnptelephony-pdf,
       author = {{UPnP Forum}},
       title = {{\glqq TelephonyArchitecture:1\dq}},
       pages = {5},
       note = {{\url{http://upnp.org/specs/phone/UPnP-phone-TelephonyArchitecture-v1.pdf} (12.04.2012)}}
}
@article{ hvac-system-pdf,
       author = {{UPnP Forum}},
       title = {{\glqq HVAC System:1 Device Template\dq}},
       pages = {5},
       note = {{\url{http://upnp.org/specs/ha/UPnP-ha-HVAC_System-v1-Device.pdf} (29.03.2012)}}
}
@article{ upnp-specs-lighting,
       author = {{UPnP Forum}},
       title = {{\glqq Lighting Controls V 1.0\dq}},
       note = {{\url{http://upnp.org/specs/ha/lighting/} (17.04.2012)}}
}
@article{ upnp-specs-digital-sec-cam,
       author = {{UPnP Forum}},
       title = {{\glqq DigitalSecurityCamera:1\dq}},
       pages = {4-5},
       note = {{\url{http://upnp.org/specs/ha/UPnP-ha-DigitalSecurityCamera-v1-Device.pdf} (17.04.2012)}}
}
@article{ mediola-prod-gateway,
       author = {{mediola - connected living AG}},
       title = {{\glqq mediola a.i.o. gateway\dq}},
       note = {{\url{http://www.mediola.de/mediola/products/gateway.htm} (16.04.2012)}}
}
@article{ ip-wiki-en,
       author = {{Wikipedia}},
       title = {{\glqq IP address, Address autoconfiguration\dq}},
       note = {{\url{http://en.wikipedia.org/wiki/IP_address#Address_autoconfiguration} (21.03.2012)}}
}
@article{ upnp-wiki-en,
       author = {{Wikipedia}},
       title = {{\glqq Universal Plug and Play\dq}},
       note = {{\url{ http://en.wikipedia.org/wiki/Universal_Plug_and_Play} (21.03.2012)}}
}
@book{ upnp-dbe-66-67,
       author = {{Jeronimo, M.; Weast, J.}},
       title = {{UPnP Design by Example}},
       Year = "2003. Seiten 66-67",
       month = {April},
       Publisher = {Intel Press},
       pages = {66-67}
}
@book{ upnp-dbe-69-73,
       author = {{Jeronimo, M.; Weast, J.}},
       title = {{UPnP Design by Example}},
       Year = "2003. Seiten 69-73",
       month = {April},
       Publisher = {Intel Press},
       pages = {69-70,72-73}
}
@book{ upnp-dbe-87-90,
       author = {{Jeronimo, M.; Weast, J.}},
       title = {{UPnP Design by Example}},
       Year = "2003. Seiten 87-90",
       month = {April},
       Publisher = {Intel Press},
       pages = {87-90}
}
@book{ upnp-dbe-81-87,
       author = {{Jeronimo, M.; Weast, J.}},
       title = {{UPnP Design by Example}},
       Year = "2003. Seiten 81-87",
       month = {April},
       Publisher = {Intel Press},
       pages = {81-87}
}
@book{ upnp-dbe-93-109,
       author = {{Jeronimo, M.; Weast, J.}},
       title = {{UPnP Design by Example}},
       Year = "2003. Seiten 93-109",
       month = {April},
       Publisher = {Intel Press},
       pages = {93-109}
}
@book{ upnp-dbe-111-127,
       author = {{Jeronimo, M.; Weast, J.}},
       title = {{UPnP Design by Example}},
       Year = "2003. Seiten 111-127",
       month = {April},
       Publisher = {Intel Press},
       pages = {111-127}
}
@book{ upnp-dbe-129-149,
       author = {{Jeronimo, M.; Weast, J.}},
       title = {{UPnP Design by Example}},
       Year = "2003. Seiten 129-149",
       month = {April},
       Publisher = {Intel Press},
       pages = {129-149}
}
@book{ upnp-dbe-151-158,
       author = {{Jeronimo, M.; Weast, J.}},
       title = {{UPnP Design by Example}},
       Year = "2003. Seiten 151-158",
       month = {April},
       Publisher = {Intel Press},
       pages = {151-158}
}
@book{ serv-arc-web-45-78,
       author = {{Dostal, W.; Jecke, M.; Melzer, I.; Zengler, B.}},
       title = {{Service-orientierte Architekturen mit Web Services}},
       Year = "2005",
       Publisher = {Spektrum Akademischer Verlag},
       Volume = {1. Auflage},
       pages = {45-78}
}
@article{ ba-funk-nach-ieee,
       author = {{Mentel, T.}},
       title = {{Anbindung von Funksensoren nach IEEE 802.15.4 an ein UPnP-Gateway}},
       year = "2009",
       note = {{Bachelorarbeit, HfT Leipzig}}
}
@article{ upnp-dsv1-4-5,
       author = {{UPnP Forum}},
       title = {{\glqq DeviceSecurity:1 Service Template\dq}},
       pages = {4-5},
       note = {{\url{http://upnp.org/specs/sec/UPnP-sec-DeviceSecurity-v1-Service.pdf} (16.04.2012)}}
}
@article{ upnp-scv1,
       author = {{UPnP Forum}},
       title = {{\glqq UPnP Security Ceremonies Version 1.0\dq}},
       pages = {3-5},
       note = {{\url{http://upnp.org/specs/sec/UPnP-sec-UPnPSecurityCeremonies-v1.pdf} (17.04.2012)}}
}
@article{ ssdp-rfc1-03,
       author = {{IETF RFC}},
       title = {{\glqq Simple Service Discovery Protocol/1.0\dq}},
       note = {{\url{ftp://ftp.pwg.org/pub/pwg/ipp/new_SSDP/draft-cai-ssdp-v1-03.txt} (28.03.2012)}}
}
@article{ upnp-dp-6-8,
       author = {{UPnP Forum}},
       title = {{\glqq DeviceProtection:1 Service\dq}},
       pages = {6-8},
       note = {{\url{http://upnp.org/specs/gw/UPnP-gw-DeviceProtection-v1-Service.pdf} (17.04.2012)}}
}
@article{ upnp-hacks,
       author = {{Hemel, Armijn}},
       title = {{\glqq UPnP - UPnP Profiles\dq}},
       note = {{\url{http://www.upnp-hacks.org/upnp.html} (14.04.2012)}}
}
@article{ TJB,
       author = {{Jansen, Tim}},
       title = {{\glqq Die UPnP AV Architektur (Teil 2)\dq}},
       note = {{\url{http://www.tjansen.de/blog/2006/01/die-upnp-av-architektur-teil-2.html} (26.01.2006)}}
}
@article{ upnp-av-arch,
       author = {{UPnP Forum}},
       title = {{\glqq UPnP AV Architecture:1. Tech. no. 1.00\dq}},
       note = {{\url{http://upnp.org/specs/av/UPnP-av-AVArchitecture-v1-20020625.pdf} (25.06.2002)}}
}
@article{ msdnl,
       author = {{Microsoft Corporation}},
       title = {{\glqq UPnP AV DCP Overview\dq}},
       note = {{\url{http://msdn.microsoft.com/en-us/library/ms885445.aspx} (2.2.2006)}}
}
@article{ miele-home,
       author = {{Miele}},
       title = {{\glqq Was ist Miele@home?\dq}},
       note = {{\url{http://www.miele.de/de/haushalt/produkte/44668.htm} (30.04.2012)}}
}
@article{ win-auto,
       author = {{Cnet}},
       title = {{\glqq Windows im Auto: Microsoft als Beifahrer\dq}},
       note = {{\url{http://www.cnet.de/digital-lifestyle/trends-technik/41000534/windows_im_auto_microsoft_als_beifahrer.htm} (30.04.2012)}}
}
